<?xml version="1.0" encoding="UTF-8"?>
<collection
  xmlns:xsi="http://www.w3.org/2001/XMLSchema-instance"
  xsi:schemaLocation="http://www.loc.gov/MARC21/slim http://www.loc.gov/standards/marcxml/schema/MARC21slim.xsd"
  xmlns="http://www.loc.gov/MARC21/slim">

<record>
  <leader>04056ckdaa2200541 a 4500</leader>
  <controlfield tag="001">3462422</controlfield>
  <controlfield tag="005">20100226103444.0</controlfield>
  <controlfield tag="008">890602s1915    xx ||| |||||||   1k|eng d</controlfield>
  <datafield tag="035" ind1=" " ind2=" ">
    <subfield code="a">(OCoLC)78937502</subfield>
  </datafield>
  <datafield tag="035" ind1=" " ind2=" ">
    <subfield code="a">(OCoLC)ocm78937502</subfield>
  </datafield>
  <datafield tag="035" ind1=" " ind2=" ">
    <subfield code="a">(CStRLIN)NYDA89-F674</subfield>
  </datafield>
  <datafield tag="035" ind1=" " ind2=" ">
    <subfield code="9">AAA2893AD</subfield>
  </datafield>
  <datafield tag="035" ind1=" " ind2=" ">
    <subfield code="a">(NNC)3462422</subfield>
  </datafield>
  <datafield tag="040" ind1=" " ind2=" ">
    <subfield code="a">NNC</subfield>
    <subfield code="c">NNC</subfield>
    <subfield code="e">gihc</subfield>
  </datafield>
  <datafield tag="043" ind1=" " ind2=" ">
    <subfield code="a">n-us-ca</subfield>
  </datafield>
  <datafield tag="110" ind1="2" ind2=" ">
    <subfield code="a">Greene &amp; Greene.</subfield>
  </datafield>
  <datafield tag="240" ind1="1" ind2="0">
    <subfield code="a">William E. Hamlin house (Pasadena, Calif.).</subfield>
    <subfield code="p">Garage and outbuildings</subfield>
  </datafield>
  <datafield tag="245" ind1="1" ind2="0">
    <subfield code="a">Garage and outbuildings for W.E. Hamlin, Esq., Pasadena, Cal.</subfield>
    <subfield code="h">[graphic] /</subfield>
    <subfield code="c">Greene and Greene, Arch'ts.</subfield>
  </datafield>
  <datafield tag="260" ind1=" " ind2=" ">
    <subfield code="c">[1915]</subfield>
  </datafield>
  <datafield tag="300" ind1=" " ind2=" ">
    <subfield code="a">8 sheets :</subfield>
    <subfield code="b">various media ;</subfield>
    <subfield code="c">73.3 x 76.1 cm. (28 7/8 x 30 in.) or smaller.</subfield>
  </datafield>
  <datafield tag="500" ind1=" " ind2=" ">
    <subfield code="a">Date from inventory.</subfield>
  </datafield>
  <datafield tag="500" ind1=" " ind2=" ">
    <subfield code="a">Bracketed title elements supplied by cataloger or taken from inventory.</subfield>
  </datafield>
  <datafield tag="500" ind1=" " ind2=" ">
    <subfield code="a">Forms part of the Greene &amp; Greene collection of architectural drawings ; job no. 344.</subfield>
  </datafield>
  <datafield tag="500" ind1=" " ind2=" ">
    <subfield code="a">This set consists of 4 blueprints on paper, 3 ink drawings on cloth, and 1 ink drawing with pencil markings on cloth.</subfield>
  </datafield>
  <datafield tag="561" ind1=" " ind2=" ">
    <subfield code="a">Gift of Jean Murray Bangs (Mrs. Harwell Hamilton Harris), 1960; formerly the collection of Charles Sumner Greene.</subfield>
  </datafield>
  <datafield tag="650" ind1=" " ind2="7">
    <subfield code="a">Garages.</subfield>
    <subfield code="2">aat</subfield>
  </datafield>
  <datafield tag="650" ind1=" " ind2="7">
    <subfield code="a">Outbuildings.</subfield>
    <subfield code="2">aat</subfield>
  </datafield>
  <datafield tag="655" ind1=" " ind2="7">
    <subfield code="a">Detail drawings.</subfield>
    <subfield code="2">aat</subfield>
  </datafield>
  <datafield tag="655" ind1=" " ind2="7">
    <subfield code="a">Architectural drawings</subfield>
    <subfield code="x">American.</subfield>
    <subfield code="2">aat</subfield>
  </datafield>
  <datafield tag="655" ind1=" " ind2="7">
    <subfield code="a">Orthographic drawings.</subfield>
    <subfield code="2">aat</subfield>
  </datafield>
  <datafield tag="691" ind1=" " ind2="0">
    <subfield code="a">Pasadena (Calif.)</subfield>
  </datafield>
  <datafield tag="650" ind1=" " ind2="0">
    <subfield code="a">Architecture</subfield>
    <subfield code="z">United States</subfield>
    <subfield code="v">Designs and plans.</subfield>
  </datafield>
  <datafield tag="697" ind1="2" ind2="4">
    <subfield code="a">William E. Hamlin house (Pasadena, Calif.).</subfield>
    <subfield code="p">Garage and outbuildings</subfield>
  </datafield>
  <datafield tag="700" ind1="1" ind2=" ">
    <subfield code="a">Greene, Charles Sumner,</subfield>
    <subfield code="d">1868-1957.</subfield>
  </datafield>
  <datafield tag="700" ind1="1" ind2=" ">
    <subfield code="a">Greene, Henry Mather,</subfield>
    <subfield code="d">1870-1954.</subfield>
  </datafield>
  <datafield tag="700" ind1="1" ind2=" ">
    <subfield code="a">Hamlin, William E.</subfield>
  </datafield>
  <datafield tag="755" ind1=" " ind2=" ">
    <subfield code="a">Ink drawings.</subfield>
    <subfield code="2">aat</subfield>
  </datafield>
  <datafield tag="755" ind1=" " ind2=" ">
    <subfield code="a">Blueprints.</subfield>
    <subfield code="2">aat</subfield>
  </datafield>
  <datafield tag="799" ind1="4" ind2="3">
    <subfield code="a">The Greene &amp; Greene collection of architectural drawings.</subfield>
  </datafield>
  <datafield tag="789" ind1="0" ind2=" ">
    <subfield code="1">[1]</subfield>
    <subfield code="i">NYDA.1960.001.01667.</subfield>
    <subfield code="v">[AVERYimage].</subfield>
    <subfield code="t">[Partial site plan showing driveway, oval lawn and] foundation plan [of garage and outbuildings] ; [ground] floor plan [of garage and outbuildings] (cement floor) :</subfield>
    <subfield code="n">Sheet no. 1.</subfield>
    <subfield code="o">"Note -- all doors, unless otherwise marked, to be 6'-8" high.All sash, unless otherwise marked, to be 1'-2" x 2'-10" with screens".</subfield>
    <subfield code="o">All structures located in one long building with markings -- "garage, [brick] garage, workshop, gardener's tools, toilet, drafting room, bathroom, store room, laundary".</subfield>
  </datafield>
  <datafield tag="789" ind1="0" ind2=" ">
    <subfield code="1">[2]</subfield>
    <subfield code="i">NYDA.1960.001.01668.</subfield>
    <subfield code="v">[AVERYimage].</subfield>
    <subfield code="t">[Partial site plan showing driveway, oval lawn and] foundation plan [of garage and outbuildings] ; [ground] floor plan [of garage and outbuildings] (cement floor) :</subfield>
    <subfield code="n">Sheet no. 1.</subfield>
  </datafield>
  <datafield tag="789" ind1="0" ind2=" ">
    <subfield code="1">[3]</subfield>
    <subfield code="i">NYDA.1960.001.01669.</subfield>
    <subfield code="v">[AVERYimage].</subfield>
    <subfield code="t">Roof plan, south elevation, east elevation, north elevation, west elevation :</subfield>
    <subfield code="n">Sheet no. 2.</subfield>
  </datafield>
  <datafield tag="789" ind1="0" ind2=" ">
    <subfield code="1">[4]</subfield>
    <subfield code="i">NYDA.1960.001.01670.</subfield>
    <subfield code="v">[AVERYimage].</subfield>
    <subfield code="t">Roof plan, south elevation, east elevation, north elevation, west elevation :</subfield>
    <subfield code="n">Sheet no. 2.</subfield>
  </datafield>
  <datafield tag="789" ind1="0" ind2=" ">
    <subfield code="1">[5]</subfield>
    <subfield code="i">NYDA.1960.001.01671.</subfield>
    <subfield code="v">[AVERYimage].</subfield>
    <subfield code="t">Details of brick garage -- part elevation ; [sections through] south wall [and] east wall ; detail[s] of sandbox [and] pit ; [plan of] southwest corner showing footings ; [section through] vents in north wall :</subfield>
    <subfield code="n">Sheet no. 3.</subfield>
  </datafield>
  <datafield tag="789" ind1="0" ind2=" ">
    <subfield code="1">[6]</subfield>
    <subfield code="i">NYDA.1960.001.01672.</subfield>
    <subfield code="v">[AVERYimage].</subfield>
    <subfield code="t">Details of brick garage -- part elevation ; [sections through] south wall [and] east wall ; detail[s] of sandbox [and] pit ; [plan of] southwest corner showing footings ; [section through] vents in north wall :</subfield>
    <subfield code="n">Sheet no. 3.</subfield>
  </datafield>
  <datafield tag="789" ind1="0" ind2=" ">
    <subfield code="1">[7]</subfield>
    <subfield code="i">NYDA.1960.001.01673.</subfield>
    <subfield code="v">[AVERYimage].</subfield>
    <subfield code="t">Section thru outbuildings ; 3/4" scale detail [sh]owing panel under sidelights :</subfield>
    <subfield code="n">Sheet no. 4.</subfield>
    <subfield code="o">"Finish this drawing" -- written in pencil at top of drawing.</subfield>
  </datafield>
  <datafield tag="789" ind1="0" ind2=" ">
    <subfield code="1">[8]</subfield>
    <subfield code="i">NYDA.1960.001.01674.</subfield>
    <subfield code="v">[AVERYimage].</subfield>
    <subfield code="t">Sect'n thru south wall of wood garage ; sect'n thru west wall of brick garage ; details of rough work ; part elev. of wood garage [with] section on LC [and] section "A-A" ; 3/4" scale detail showing panel, under sidelights ; section thru outbuildings :</subfield>
    <subfield code="n">Sheet no. 4.</subfield>
  </datafield>
  <datafield tag="900" ind1=" " ind2=" ">
    <subfield code="a">AUTH</subfield>
  </datafield>
</record>

</collection>